{
  "leader": "02200cam a2200421Ii 4500",
  "fields": [
    {
      "001": "ocm06518292\\"
    },
    {
      "003": "OCoLC"
    },
    {
      "005": "20220105103818.0"
    },
    {
      "008": "800716s1959\\\\\\\\iluabch\\\\b\\\\\\\\000\\0\\eng\\d"
    },
    {
      "010": {
        "ind1": "\\",
        "ind2": "\\",
        "subfields": [
          {
            "z": "   59012043 "
          }
        ]
      }
    },
    {
      "040": {
        "ind1": "\\",
        "ind2": "\\",
        "subfields": [
          {
            "a": "CLE"
          },
          {
            "b": "eng"
          },
          {
            "c": "CLE"
          },
          {
            "d": "OCL"
          },
          {
            "d": "OCLCQ"
          },
          {
            "d": "HOO"
          },
          {
            "d": "ZWZ"
          },
          {
            "d": "UKMGB"
          },
          {
            "d": "CKV"
          },
          {
            "d": "OCLCQ"
          },
          {
            "d": "OCLCF"
          },
          {
            "d": "OCLCQ"
          },
          {
            "d": "OCLCO"
          },
          {
            "d": "CRL"
          },
          {
            "d": "KKX"
          },
          {
            "d": "AL5CO"
          },
          {
            "d": "OCLCQ"
          },
          {
            "d": "IL4J6"
          },
          {
            "d": "OCLCO"
          },
          {
            "d": "ZD0"
          }
        ]
      }
    },
    {
      "016": {
        "ind1": "7",
        "ind2": "\\",
        "subfields": [
          {
            "a": "003938300"
          },
          {
            "2": "Uk"
          }
        ]
      }
    },
    {
      "019": {
        "ind1": "\\",
        "ind2": "\\",
        "subfields": [
          {
            "a": "974394012"
          },
          {
            "a": "1011789154"
          },
          {
            "a": "1229241454"
          },
          {
            "a": "1269895789"
          },
          {
            "a": "1275453104"
          },
          {
            "a": "1276070735"
          }
        ]
      }
    },
    {
      "035": {
        "ind1": "\\",
        "ind2": "\\",
        "subfields": [
          {
            "a": "(OCoLC)6518292"
          },
          {
            "z": "(OCoLC)974394012"
          },
          {
            "z": "(OCoLC)1011789154"
          },
          {
            "z": "(OCoLC)1229241454"
          },
          {
            "z": "(OCoLC)1269895789"
          },
          {
            "z": "(OCoLC)1275453104"
          },
          {
            "z": "(OCoLC)1276070735"
          }
        ]
      }
    },
    {
      "043": {
        "ind1": "\\",
        "ind2": "\\",
        "subfields": [
          {
            "a": "n-us---"
          }
        ]
      }
    },
    {
      "050": {
        "ind1": "\\",
        "ind2": "4",
        "subfields": [
          {
            "a": "HD9565"
          },
          {
            "b": ".W5"
          }
        ]
      }
    },
    {
      "072": {
        "ind1": "\\",
        "ind2": "7",
        "subfields": [
          {
            "a": "wi"
          },
          {
            "2": "SzZuIDS BS/BE"
          }
        ]
      }
    },
    {
      "072": {
        "ind1": "\\",
        "ind2": "7",
        "subfields": [
          {
            "a": "se"
          },
          {
            "2": "rero"
          }
        ]
      }
    },
    {
      "082": {
        "ind1": "0",
        "ind2": "4",
        "subfields": [
          {
            "a": "338.272820973"
          },
          {
            "b": "WIL"
          }
        ]
      }
    },
    {
      "100": {
        "ind1": "1",
        "ind2": "\\",
        "subfields": [
          {
            "a": "Williamson, Harold F."
          },
          {
            "q": "(Harold Francis),"
          },
          {
            "d": "1901-1989."
          }
        ]
      }
    },
    {
      "245": {
        "ind1": "1",
        "ind2": "4",
        "subfields": [
          {
            "a": "The American petroleum industry :"
          },
          {
            "b": "the age of illumination, 1859-1899 /"
          },
          {
            "c": "by Harold F. Williamson [and] Arnold R. Daum. Research associates: Ralph L. Andreano, Gilbert C. Klose, and Paul A. Weinstein."
          }
        ]
      }
    },
    {
      "260": {
        "ind1": "\\",
        "ind2": "\\",
        "subfields": [
          {
            "a": "Evanston [Ill.] :"
          },
          {
            "b": "Northwestern University Press,"
          },
          {
            "c": "[1959]"
          }
        ]
      }
    },
    {
      "300": {
        "ind1": "\\",
        "ind2": "\\",
        "subfields": [
          {
            "a": "xvi, 864 pages :"
          },
          {
            "b": "illustrations, portraits, maps, diagrams, facsimiles, tables ;"
          },
          {
            "c": "24 cm"
          }
        ]
      }
    },
    {
      "336": {
        "ind1": "\\",
        "ind2": "\\",
        "subfields": [
          {
            "a": "text"
          },
          {
            "b": "txt"
          },
          {
            "2": "rdacontent"
          }
        ]
      }
    },
    {
      "337": {
        "ind1": "\\",
        "ind2": "\\",
        "subfields": [
          {
            "a": "unmediated"
          },
          {
            "b": "n"
          },
          {
            "2": "rdamedia"
          }
        ]
      }
    },
    {
      "338": {
        "ind1": "\\",
        "ind2": "\\",
        "subfields": [
          {
            "a": "volume"
          },
          {
            "b": "nc"
          },
          {
            "2": "rdacarrier"
          }
        ]
      }
    },
    {
      "504": {
        "ind1": "\\",
        "ind2": "\\",
        "subfields": [
          {
            "a": "Bibliographical references included in \"Endnotes\" (p. [771]-833)."
          }
        ]
      }
    },
    {
      "505": {
        "ind1": "0",
        "ind2": "\\",
        "subfields": [
          {
            "a": "V. 1, The age of illumination, 1859-1899. -- v 2, The age of energy, 1899-1959."
          }
        ]
      }
    },
    {
      "520": {
        "ind1": "\\",
        "ind2": "\\",
        "subfields": [
          {
            "a": "Intensive research into original source materials, sponsored by the American Petroleum Institute."
          }
        ]
      }
    },
    {
      "650": {
        "ind1": "\\",
        "ind2": "0",
        "subfields": [
          {
            "a": "Petroleum industry and trade"
          },
          {
            "z": "United States."
          }
        ]
      }
    },
    {
      "650": {
        "ind1": "\\",
        "ind2": "7",
        "subfields": [
          {
            "a": "Petroleum industry and trade."
          },
          {
            "2": "fast"
          },
          {
            "0": "(OCoLC)fst01059546"
          }
        ]
      }
    },
    {
      "651": {
        "ind1": "\\",
        "ind2": "7",
        "subfields": [
          {
            "a": "United States."
          },
          {
            "2": "fast"
          },
          {
            "0": "(OCoLC)fst01204155"
          }
        ]
      }
    },
    {
      "700": {
        "ind1": "1",
        "ind2": "\\",
        "subfields": [
          {
            "a": "Daum, Arnold,"
          },
          {
            "e": "author."
          }
        ]
      }
    },
    {
      "776": {
        "ind1": "0",
        "ind2": "8",
        "subfields": [
          {
            "i": "Online version:"
          },
          {
            "a": "Williamson, Harold F. (Harold Francis), 1901-1989."
          },
          {
            "t": "American petroleum industry."
          },
          {
            "d": "Evanston [Ill.] Northwestern University Press [1959]"
          },
          {
            "w": "(OCoLC)890936633"
          }
        ]
      }
    },
    {
      "830": {
        "ind1": "\\",
        "ind2": "0",
        "subfields": [
          {
            "a": "<<The>> American Petroleum Industry"
          },
          {
            "v": "1"
          },
          {
            "w": "(RERO)1456679-41slsp"
          }
        ]
      }
    },
    {
      "994": {
        "ind1": "\\",
        "ind2": "\\",
        "subfields": [
          {
            "a": "Z0"
          },
          {
            "b": "NYRVC"
          }
        ]
      }
    },
    {
      "948": {
        "ind1": "\\",
        "ind2": "\\",
        "subfields": [
          {
            "h": "NO HOLDINGS IN NYRVC - 357 OTHER HOLDINGS"
          }
        ]
      }
    },
    {
      "999": {
        "ind1": "\\",
        "ind2": "\\",
        "subfields": [
          {
            "a": "00000000015947"
          }
        ]
      }
    }
  ]
}